
@misc{_HuaTinoNVIDIASimNetDemoShiwareteiruPhysicsInformed_,
  title = {{話題のNVIDIA SimNet\texttrademark でも使われているPhysics-Informed Neural Networkについて調べてみたら、深過ぎたので「自由落下」問題をPhysics-Informedしてみた。}},
  journal = {Qiita},
  howpublished = {https://qiita.com/nnnnnnn/items/df62e9fb0ec999df96a2},
  langid = {japanese}
}

@misc{_ZiDongWeiFenwoShiZhuangsiteLiJiesuruQianBian_,
  title = {{自動微分を実装して理解する（前編）}},
  journal = {Qiita},
  howpublished = {https://qiita.com/lotz/items/39c52f08cc9b5d8439ca},
  langid = {japanese}
}

@misc{baydin_AutomaticDifferentiationMachine_2018,
  title = {Automatic Differentiation in Machine Learning: A Survey},
  shorttitle = {Automatic Differentiation in Machine Learning},
  author = {Baydin, Atilim Gunes and Pearlmutter, Barak A. and Radul, Alexey Andreyevich and Siskind, Jeffrey Mark},
  year = {2018},
  month = feb,
  number = {arXiv:1502.05767},
  eprint = {1502.05767},
  eprinttype = {arxiv},
  primaryclass = {cs, stat},
  institution = {{arXiv}},
  doi = {10.48550/arXiv.1502.05767},
  archiveprefix = {arXiv},
  keywords = {68W30; 65D25; 68T05,Computer Science - Machine Learning,Computer Science - Symbolic Computation,G.1.4,I.2.6,Statistics - Machine Learning}
}

@article{RAISSI2019686,
  title = {Physics-Informed Neural Networks: {{A}} Deep Learning Framework for Solving Forward and Inverse Problems Involving Nonlinear Partial Differential Equations},
  author = {Raissi, M. and Perdikaris, P. and Karniadakis, G.E.},
  year = {2019},
  journal = {Journal of Computational Physics},
  volume = {378},
  pages = {686--707},
  issn = {0021-9991},
  doi = {10.1016/j.jcp.2018.10.045},
  keywords = {Data-driven scientific computing,Machine learning,Nonlinear dynamics,Predictive modeling,Runge–Kutta methods}
}

@book{ZerokaraZuorudeepLearning,
  title = {{ゼロから作るdeep learning}},
  publisher = {{オライリー・ジャパン , オーム社 (発売)}},
  langid = {japanese}
}


